{
  "marc21_record": {
    "leader": "         a22        4500",
    "fields": [
      {
        "tag": "001",
        "data": "YD2600008"
      },
      {
        "tag": "005",
        "data": "20260617062514.0"
      },
      {
        "tag": "008",
        "data": "260617s2020    vm      m           vie d"
      },
      {
        "tag": "040",
        "ind1": " ",
        "ind2": " ",
        "subfields": [
          {
            "code": "a",
            "value": "DHYD"
          },
          {
            "code": "b",
            "value": "vie"
          },
          {
            "code": "c",
            "value": "DHYD"
          },
          {
            "code": "e",
            "value": "AACR2"
          }
        ]
      },
      {
        "tag": "041",
        "ind1": "0",
        "ind2": " ",
        "subfields": [
          {
            "code": "a",
            "value": "vie"
          }
        ]
      },
      {
        "tag": "050",
        "ind1": " ",
        "ind2": "0",
        "subfields": [
          {
            "code": "a",
            "value": "KIR"
          }
        ]
      },
      {
        "tag": "060",
        "ind1": " ",
        "ind2": " ",
        "subfields": [
          {
            "code": "a",
            "value": "QT 36.5"
          }
        ]
      },
      {
        "tag": "090",
        "ind1": " ",
        "ind2": " ",
        "subfields": [
          {
            "code": "a",
            "value": "QT 36.5"
          },
          {
            "code": "b",
            "value": "PHẠ 2020"
          }
        ]
      },
      {
        "tag": "100",
        "ind1": "1",
        "ind2": " ",
        "subfields": [
          {
            "code": "a",
            "value": "Phạm Tiến Quang."
          }
        ]
      },
      {
        "tag": "245",
        "ind1": "1",
        "ind2": "0",
        "subfields": [
          {
            "code": "a",
            "value": "NGHIÊN CỨU BIẾN CHỨNG RÒ TỤY SAU MỔ CẮT KHỐI TÁ TỤY /"
          },
          {
            "code": "b",
            "value": "NỐI TỤY – HỒNG TRÀNG THEO BLUMGART CẢI BIÊN /"
          },
          {
            "code": "c",
            "value": "PHẠM TIẾN QUANG."
          }
        ]
      },
      {
        "tag": "260",
        "ind1": " ",
        "ind2": " ",
        "subfields": [
          {
            "code": "a",
            "value": "TP. HỒ CHÍ MINH"
          },
          {
            "code": "c",
            "value": "2020"
          }
        ]
      },
      {
        "tag": "500",
        "ind1": " ",
        "ind2": " ",
        "subfields": [
          {
            "code": "a",
            "value": "Mã số: NT 62 72 07 50."
          }
        ]
      },
      {
        "tag": "500",
        "ind1": " ",
        "ind2": " ",
        "subfields": [
          {
            "code": "a",
            "value": "(25/11/2020)."
          }
        ]
      },
      {
        "tag": "502",
        "ind1": " ",
        "ind2": " ",
        "subfields": [
          {
            "code": "a",
            "value": "Luận văn (Ngoại khoa) -- BỘ GIÁO DỤC VÀ ĐÀO TẠO, ĐẠI HỌC Y DƯỢC TP HỒ CHÍ MINH, BỘ Y TẾ, 2020."
          }
        ]
      },
      {
        "tag": "710",
        "ind1": "2",
        "ind2": " ",
        "subfields": [
          {
            "code": "a",
            "value": "BỘ GIÁO DỤC VÀ ĐÀO TẠO, ĐẠI HỌC Y DƯỢC TP HỒ CHÍ MINH, BỘ Y TẾ."
          }
        ]
      },
      {
        "tag": "852",
        "ind1": " ",
        "ind2": " ",
        "subfields": [
          {
            "code": "p",
            "value": "S1C90-11357"
          },
          {
            "code": "k",
            "value": "WT"
          },
          {
            "code": "k",
            "value": "980"
          },
          {
            "code": "k",
            "value": "PKA"
          },
          {
            "code": "k",
            "value": "2020"
          },
          {
            "code": "t",
            "value": "C.1"
          },
          {
            "code": "z",
            "value": "1 bản in + TT + 1 file"
          }
        ]
      },
      {
        "tag": "915",
        "ind1": " ",
        "ind2": " ",
        "subfields": [
          {
            "code": "a",
            "value": "Ngoại Khoa"
          },
          {
            "code": "c",
            "value": "Bác Sĩ Nội Trú"
          },
          {
            "code": "f",
            "value": "TS. Trần Công Duy Long"
          }
        ]
      },
      {
        "tag": "927",
        "ind1": " ",
        "ind2": " ",
        "subfields": [
          "LA"
        ]
      }
    ]
  },
  "ai_evaluation_metrics": {}
}